@article{ref1,
  title={Key theories and technologies and implementation mechanism of parallel computing for ternary optical computer},
  author={Sulan Zhang and Junwei Chen and Zihao Liu and Xiaolin Wang and Chunhua Zhang and Jun Yang},
  journal={\textit{PloS one}},
  volume={18},
  number={5},
  pages={e0284700},
  year={\textbf{2023}},
}

@article{ref2,
  title={Research of Tri-State Optical Signal Detectors for Ternary Optical Computers},
  author={Shuxin Wang and Jiabao Jiang and Zhehe Wang},
  journal={\textit{Applied Sciences}},
  volume={13},
  pages={98},
  year={\textbf{2023}},
}

@article{ref3,
  title={Design and implementation of bitwise parallel MSD square rooting in ternary optical computer},
  author={Zhehe Wang and Yunfu Shen},
  journal={\textit{Optical Engineering}},
  volume={60},
  number={8},
  pages={085107},
  year={\textbf{2021}},
}

@article{ref4,
  title={Design and Implementation of a Ternary Optical Computer Simulator},
  author={Wang Zhehe and Shen Yunfu and Li Shuang and Zhang Honghong and Jiang Jiabao and Wang Chunteng},
  journal={\textit{Computer Application Research}},
  volume={40},
  number={4},
  pages={1137--1141},
  year={\textbf{2023}},
}

@article{ref5,
  title={Basic theory and key technology of programming platform of ternary optical computer},
  author={Li Shuang and Jiang Jiabao and Wang Zhehe and Zhang Honghong},
  journal={\textit{Optik}},
  volume={178},
  pages={327--336},
  year={\textbf{2019}},
  publisher={Elsevier}
}

@article{ref6,
  title={Management strategy of data bits in ternary optical computer},
  author={Jin Yi},
  journal={\textit{Journal of Shanghai University (Natural Science Edition)}},
  volume={13},
  number={5},
  pages={519--523},
  year={\textbf{2007}}
}

@article{ref7,
  title={Programming model and implementation mechanism for ternary optical computer},
  author={Zhang Sulan and Peng Junjie and Shen Yunfu and Wang Xianchao},
  journal={\textit{Optics Communications}},
  volume={428},
  pages={26-34},
  year={\textbf{2018}},
  publisher={Elsevier}
}
@patent{ref8,
  title={A Multi-Digit, Groupable, and Reconfigurable Multi-Valued Electronic Calculator and Method},
  author={Yi Jin and Shan Ouyang and Zhihao Pan and Ying Wang and Yunfu Shen and Junjie Peng and Shiqiang Zhou and Yuejun Liu and Xunlei Chen},
  year={\textbf{2022}},
  type={Patent},
  number={CN201811567284.7},
  address={Shanghai University},
  month={7},
  day={26}
}

@inproceedings{ref9,
  title={Demonstration system of reconfigurable multi-valued logic electronic processor},
  author={Yao Lu and Hongjian Wang and Jun Huang and Xinyu Zhou and Youdong Wu},
  booktitle={Second International Conference on Electronic Information Technology (EIT 2023)},
  volume={12719},
  pages={190--196},
  year={\textbf{2023}},
  organization={SPIE}
}

@inproceedings{ref10,
  title={Implementations of reconfigurable logic arrays on FPGAs},
  author={Tsutomu Sasao and Hiroki Nakahara},
  booktitle={2007 International Conference on Field-Programmable Technology},
  pages={217--223},
  year={\textbf{2007}},
  organization={IEEE}
}

@inproceedings{ref11,
  title={The design and implementation of reconfigurable quaternary logic processor},
  author={Hongjian Wang and Youdong Wu and Shan Ouyang and Xunlei Chen and Yunfu Shen and Yi Jin},
  booktitle={International Conference on Parallel and Distributed Computing: Applications and Technologies},
  pages={142--149},
  year={\textbf{2021}},
  organization={Springer}
}

@inproceedings{ref12,
  title={Demonstration system of reconfigurable multi-valued logic electronic processor},
  author={Yao Lu and Hongjian Wang and Jun Huang and Xinyu Zhou and Youdong Wu},
  booktitle={Second International Conference on Electronic Information Technology (EIT 2023)},
  volume={12719},
  pages={190--196},
  year={\textbf{2023}},
  organization={SPIE}
}

@phdthesis{ref13,
  title={Design Theory for Devaluation},
  author={Junyong Yan},
  school={Shanghai University},
  year={\textbf{2010}},
}

@article{ref14,
  title={Design Theory for Devaluation of No-Carry (Borrow) Calculator and Its Application in Ternary Optical Computers},
  author={Junyong Yan and Yi Jin and Kaizhong Zuo},
  journal={\textit{Science in China Series E: Technological Sciences}},
  volume={38},
  number={12},
  pages={11},
  year={\textbf{2008}},
}

@article{ref15,
  title={Modified signed-digit addition and subtraction using optical symbolic substitution},
  author={Richard P Bocker and Barry L Drake and Mark E Lasher and Thomas B Henderson},
  journal={\textit{Applied Optics}},
  volume={25},
  number={15},
  pages={2456--2457},
  year={\textbf{1986}},
  publisher={Optica Publishing Group}
}

@article{ref16,
  title={Design and implementation of modified signed-digit adder},
  author={Junjie Peng and Rong Shen and Yi Jin and Yunfu Shen and Sheng Luo},
  journal={\textit{IEEE Transactions on Computers}},
  volume={63},
  number={5},
  pages={1134--1143},
  year={\textbf{2012}},
  publisher={IEEE}
}

@article{ref17,
  title={Photonic computing using the modified signed-digit number representation},
  author={Barry L Drake and Richard P Bocker and Mark E Lasher and Richard H Patterson and William J Miceli},
  journal={\textit{Optical Engineering}},
  volume={25},
  number={1},
  pages={38--43},
  year={\textbf{1986}},
  publisher={SPIE}
}

@inproceedings{ref18,
  title={Algorithm-based Study on Transformation Combination for Carry-free Modified Signed Digit (MSD) Addition},
  author={Baofeng Qi and Shaojiang Sun and Yihui Tong and Jie Zhang and Zhehe Wang and Xianchao Wang},
  booktitle={2023 IEEE 10th International Conference on Cyber Security and Cloud Computing (CSCloud)/2023 IEEE 9th International Conference on Edge Computing and Scalable Cloud (EdgeCom)},
  pages={298--304},
  year={\textbf{2023}},
  organization={IEEE}
}

@inproceedings{ref19,
  title={Ternary optical computer: an overview and recent developments},
  author={Hongjian Wang and Shan Ouyang and Yunfu Shen and Xunlei Chen},
  booktitle={2021 12th International Symposium on Parallel Architectures, Algorithms and Programming (PAAP)},
  pages={82--87},
  year={\textbf{2021}},
  organization={IEEE}
}

@article{ref20,
  title={Theory and Structure of the MSD Adder in Ternary Optical Computers},
  author={Yi Jin and Yunfu Shen and Junjie Peng and Shiyi Xu and Guangtai Ding and Dongjian Yue and Haihang You},
  journal={\textit{Science China Information Sciences}},
  volume={41},
  number={5},
  pages={541--551},
  year={\textbf{2011}},
}

@article{ref21,
  title={Theory and Structure of the Ternary Logic Optical Processor SD16},
  author={Yi Jin and Honghong Zhang and Xunlei Chen and Shuxin Wang and Shan Ouyang and Yunfu Shen and Jiabao Jiang},
  journal={\textit{Journal of Electronics}},
  volume={51},
  number={5},
  pages={1154--1162},
  year={\textbf{2023}},
}

@article{ref22,
  title={Design and Implementation of the SJ-MSD Adder in Ternary Optical Computers},
  author={Jiabao Jiang and Xiaofeng Zhang and Yunfu Shen and Shan Ouyang and Shiqiang Zhou and Junjie Peng and Yuejun Liu and Yi Jin},
  journal={\textit{Journal of Electronics}},
  volume={49},
  number={2},
  pages={275},
  year={\textbf{2021}},
}

@article{ref23,
  title={Ternary Optical Computers},
  author={Yi Jin and Zhehe Wang and Yujing Liu and Shan Ouyang and Yunfu Shen and Junjie Peng},
  journal={\textit{Journal of Nature}},
  volume={41},
  number={3},
  pages={207--218},
  year={\textbf{2019}},
}

@article{ref24,
  title={Design and Implementation of the Ternary Optical Computer Simulator},
  author={Zhehe Wang and Yunfu Shen and Shuang Li and Honghong Zhang and Jiabao Jiang and Chunteng Wang},
  journal={\textit{Application Research of Computers}},
  volume={40},
  number={4},
  year={\textbf{2023}},
}
